@ARTICLE{Hartmann2014,
    author  = "{Hartman}, J. D. and {Bakos}, G. Á and {Torres}, G., et al.",
    title   = "{HAT-P-44b, HAT-P-45b, and HAT-P-46b}: Three Transiting Hot Jupiters in Possible Multi-planet Systems",
    year    = "2014",
    journal = "ApJ",
    volume  = "147",
    number  = "6",,
    adsurl   = ""
    }

@ARTICLE{Hartmann2009,
    author  = "{Hartman}, J. D. and {Bakos}, G. Á. and {Torres}, G., et al.",
    title   = "{HAT-P-12b}: A LOW-DENSITY SUB-SATURN MASS PLANET TRANSITING A METAL-POOR K DWARF",
    year    = "2009",
    journal = "ApJ",
    volume  = "706",
    number  = "",
    pages   = "785-96",
    adsurl   = ""     
}

@ARTICLE{Kriedberg2014,
    author  = "{Kreidberg}, L. and {Bean}, J. and {Désert}, J.M, et al.",
    title   = "Clouds in the atmosphere of the super-Earth exoplanet {GJ1214b}",
    year    = "2014",
    journal = "Nature",
    volume  = "505",
    number  = "",
    pages   = "69-72",
    adsurl   = {http://adsabs.harvard.edu/cgi-bin/bib_query?arXiv:1401.0022}
}

@ARTICLE{Bouchy2010,
    author  = "{Bouchy}, . and {Hebb}, L. and {Skillen}, I",
    title   = "{WASP-21b}: a hot-Saturn exoplanet transiting a thick disc star",
    year    = "2010",
    journal = "A\&A",
    volume  = "519",
    number  = "A98",
    pages   = "",
    adsurl   = ""    
}

@ARTICLE{Fukui2014,
    author  = "{Fukui}, A. and {Kawashima}, Y. and {Ikoma}, M., et al.",
    title   = "MULTI-BAND, MULTI-EPOCH OBSERVATIONS OF THE TRANSITING WARM JUPITER {WASP-80b}",
    year    = "2014",
    journal = "ApJ",
    volume  = "790",
    number  = "108",
    pages   = "12 pp.",
    adsurl   = {http://adsabs.harvard.edu/abs/2014ApJ...790..108F}
}

@ARTICLE{Fukui2016a,
    author  = "{Fukui}, A. and {Narita}, N. and {Kawashima}, Y., et al.",
    title   = "DEMONSTRATING HIGH-PRECISION, MULTIBAND TRANSIT PHOTOMETRY WITH {MuSCAT}: A CASE FOR {HAT-P-14B}",
    year    = "2016",
    journal = "ApJ",
    volume  = "819",
    number  = "27",
    pages   = "11pp",
    adsurl   = ""
}

@ARTICLE{Fukui2016b,
    author  = "{Fukui}, A. and {Narita}, N. and {Hirano}, T., et al.",
    title   = "GROUND-BASED TRANSIT OBSERVATION OF THE HABITABLE-ZONE SUPER-EARTH {K2-3d}",
    year    = "2016",
    journal = "ApJ",
    volume  = "152",
    number  = "171",
    pages   = ""
}

@ARTICLE{MandelAgol2002,
    author  = "{Mandel}, K. and {Agol}, E.",
    title   = "Analytic Light Curves for Planetary Transit Searches",
    year    = "2002",
    journal = "ApJ",
    volume  = "580",
    number  = "2",
    pages   = "L171-L175",
    adsurl   = {http://iopscience.iop.org/ARTICLE/10.1086/345520/pdf}
}

@ARTICLE{Gimenez2006,
    author  = "{Gimenez}, A.",
    title   = "Equations for the analysis of the light curves of extra-solar
planetary transits",
    year    = "2006",
    journal = "A\&A",
    volume  = "450",
    number  = "",
    pages   = "1231-1237",
    adsurl   = {https://www.aanda.org/ARTICLEs/aa/pdf/2006/18/aa4445-05.pdf}
}

@ARTICLE{Parviainen2017,
    author  = "{Parviainen}, H.",
    title   = "{Bayesian Methods for Exoplanet Science}",
    year    = "2017",
    journal = "arxiv e-print",
    volume  = "",
    number  = "",
    pages   = "",
    adsurl   = {https://arxiv.org/pdf/1711.03329.pdf}
}

@ARTICLE{Diaz2017,
    author  = "{Dıaz}, R.",
    title   = "{Modelling Light and Velocity Curves of Exoplanet Hosts}",
    year    = "2017",
    journal = "arxiv e-print",
    volume  = "",
    number  = "",
    pages   = "",
    adsurl   = {https://arxiv.org/pdf/1711.06601.pdf}
}

@ARTICLE{Kipping2013,
    author  = "Kipping, D.",
    title   = "{Efficient, uninformative sampling of limb darkening coefficients for two-parameter laws}",
    year    = "2013",
    journal = "MNRAS",
    volume  = "435",
    number  = "",
    pages   = "2152-2160",
    adsurl   = {http://adsabs.harvard.edu/cgi-bin/bib_query?arXiv:1308.0009}
}

@ARTICLE{Fukui2011,
    author  = "{Fukui}, A. and {Narita}, N. and {Tristram}, P. J., et al.",
    title   = "{Measurements of Transit Timing Variations for WASP-5b}",
    year    = "2011",
    journal = "PASJ",
    volume  = "63",
    number  = "1",
    pages   = "287-300",
    adsurl   = {http://pasj.asj.or.jp/v63/n1/630123/630123.pdf}
}

@ARTICLE{Eastman2010,
    author  = "{Eastman}, J. and {Siverd}, R. and {Scott Gaudi}, B.",
    title   = "{Achieving better than 1 minute accuracy in the Heliocentric and Barycentric Julian Dates}",
    year    = "2010",
    journal = "PASP",
    volume  = "122",
    number  = "",
    pages   = "935-946",
    adsurl   = {http://iopscience.iop.org/ARTICLE/10.1086/655938/pdf}
}

@ARTICLE{Schwarz1978,
    author  = "{Schwarz}, G.",
    title   = "{Estimating the Dimension of a Model}",
    year    = "1978",
    journal = "Annals of Statistics",
    volume  = "6",
    number  = "2",
    pages   = "461-464",
    adsurl   = {https://projecteuclid.org/download/pdf_1/euclid.aos/1176344136}
}

@ARTICLE{Foreman-Mackey2013,
    author  = "{Foreman-Mackey}, D.",
    title   = "{emcee: The MCMC Hammer}",
    year    = "2013",
    journal = "PASP",
    volume  = "125",
    number  = "",
    pages   = "306-312",
    adsurl   = {http://iopscience.iop.org/ARTICLE/10.1086/670067/pdf}
}

@ARTICLE{Mayor1995,
    author  = "{Mayor}, M. and {Queloz}, D.",
    title   = "A JUpiter mass companion to a solar-type star",
    year    = "1995",
    journal = "Nature",
    volume  = "378",
    number  = "",
    pages   = "355-359",
    adsurl   = {https://www.nature.com/ARTICLEs/378355a0.pdf}
}

@ARTICLE{Benneke2012,
    author  = "{Benneke}, B. and {Seager}, S.",
    title   = "ATMOSPHERIC RETRIEVAL FOR SUPER-EARTHS: UNIQUELY CONSTRAINING THE ATMOSPHERIC COMPOSITION WITH TRANSMISSION SPECTROSCOPY",
    year    = "2012",
    journal = "ApJ",
    volume  = "753",
    number  = "100",
    pages   = "",
    adsurl   = {http://iopscience.iop.org/ARTICLE/10.1088/0004-637X/753/2/100/pdf}
}

@ARTICLE{Narita2015a,
    author  = "{Narita}, N. and {Fukui}, A. and {Kusakabe}, N., et al.",
    title   = "{MuSCAT}: a multicolor simultaneous camera for studying atmospheres of transiting exoplanets",
    year    = "2015",
    journal = "JATIS",
    volume  = "1",
    number  = "4",
    pages   = "",
    adsurl   = {http://adsabs.harvard.edu/cgi-bin/bib_query?arXiv:1509.03154}
}

@ARTICLE{Narita2013,
    author  = "{Narita}, N. and {Hirano}, T. and {Ikoma}, M., et al.",
    title   = "MULTI-COLOR TRANSIT PHOTOMETRY OF {GJ 1214b} THROUGH {BJHK}s BANDS AND A LONG-TERM MONITORING OF THE STELLAR VARIABILITY OF {GJ 1214}",
    year    = "2013",
    journal = "ApJ",
    volume  = "773",
    number  = "2",
    pages   = "",
    adsurl   = {http://iopscience.iop.org/article/10.1088/0004-637X/773/2/144/meta}
}

@ARTICLE{Narita2017,
    author  = "{Narita}, N. and {Hirano}, T. and {Fukui}, A., et al.",
    title   = "The K2-ESPRINT project. VI. K2-105 b, a hot Neptune around a metal-rich G-dwarf",
    year    = "2017",
    journal = "PASP",
    volume  = "69",
    number  = "29",
    pages   = "1-12",
    adsurl   = {http://adsabs.harvard.edu/cgi-bin/bib_query?arXiv:1701.01294}
}

@ARTICLE{Hirano2016,
    author  = "{Hirano}, T. and {Fukui}, A. and {Narita}, N., et al.",
    title   = "",
    year    = "",
    journal = "PASP",
    volume  = "69",
    number  = "29",
    pages   = "1-12",
    adsurl   = ""
}

@ARTICLE{Espinoza2015,
    author  = "{Espinoza}, T. and {Fukui}, A. and {Narita}, N., et al.",
    title   = "{Limb darkening and exoplanets: testing stellar model atmospheres and identifying biases in transit parameters}",
    year    = "2015",
    journal = "MNRAS",
    volume  = "450",
    number  = "",
    pages   = "1879--1899",
    adsurl   = {http://adsabs.harvard.edu/cgi-bin/bib_query?arXiv:1503.07020}
}

@ARTICLE{Lee2012,
    author  = "{Lee}, J.W. and {Youn}, J.H. and {Kim}, S.L. et al.",
    title   = "The Sub-Saturn Mass Transiting Planet {HAT-P-12b}",
    year    = "2012",
    journal = "MNRAS",
    volume  = "1143",
    number  = "4",
    pages   = "5 pp.",
    adsurl   = {http://adsabs.harvard.edu/abs/2012AJ....143...95L}
}

@ARTICLE{Todorov2013,
    author  = "{Todorov}, K. and {Deming}, D. and {Knutson}, H. et al.",
    title   = "WARM SPITZER PHOTOMETRY OF THREE HOT JUPITERS: {HAT-P-3b}, {HAT-P-4b} AND {HAT-P-12b}",
    year    = "2013",
    journal = "ApJ",
    volume  = "770",
    number  = "2",
    pages   = "13 pp.",
    adsurl   = {http://adsabs.harvard.edu/abs/2013ApJ...770..102T}
}

@ARTICLE{Encrenaz2014,
    author  = "{Encrenaz}, T. and {Tinetti}, G. and {Coustenis}, A, H.",
    title   = "{Infrared Spectroscopy of Transiting Exoplanets}",
    year    = "2014",
    journal = "{Phil. Trans. R. Soc.}",
    volume  = "372",
    number  = "20130083",
    pages   = "",
    adsurl   = {http://adsabs.harvard.edu/abs/2013EPSC....8..245E}
}

@ARTICLE{Southworth2012,
    author  = "{Southworth}, J.",
    title   = "{Homogeneous studies of transiting extrasolar planets – V . New results for 38 planets}",
    year    = "2012",
    journal = "MNRAS",
    volume  = "426",
    number  = "95",
    pages   = "1291-1323",
    adsurl   = {}
}

@ARTICLE{Pont2008,
    author  = "{Pont}, F. and {Knutson}, H. and {Gilliland}, R. L., et al.",
    title   = "{Detection of atmospheric haze on an extrasolar planet: the 0.55-1.05 $\mu$m transmission spectrum of HD 189733b with the Hubble Space Telescope}",
    year    = "2008",
    journal = "MNRAS",
    volume  = "385",
    number  = "",
    pages   = "109--118",
    adsurl   = {http://adsabs.harvard.edu/abs/2008MNRAS.385..109P}
}

@ARTICLE{Parviainen2015,
    author  = "{Parviainen}, H.",
    title   = "{PYTRANSIT: fast and easy exoplanet transit modelling in PYTHON}",
    year    = "2017",
    journal = "MNRAS",
    volume  = "450",
    number  = "3",
    pages   = "3233--3238",
    adsurl   = {http://adsabs.harvard.edu/cgi-bin/bib_query?arXiv:1504.07433}
}

@ARTICLE{Kawashima2017,
    author  = "{Kawashima}, Y. and {Ikoma}, M.",
    title   = "{Theoretical transmission spectra of exoplanet atmospheres with hydrocarbon haze: Effect of creation, growth, and settling of haze particles. I. Model description and first results}",
    year    = "2017",
    journal = "ApJ",
    volume  = "853",
    number  = "7",
    pages   = "26 pp",
    adsurl   = {http://iopscience.iop.org/article/10.3847/1538-4357/aaa0c5/meta}
}

@ARTICLE{Barstow2017,
    author  = "{Barstow}, J. K. and {Aigrain}, S. and {Irwin}, P. G. J. and {Sing}, D. K.",
    title   = "{A Consistent Retrieval Analysis of 10 Hot Jupiters Observed in Transmission}",
    year    = "2017",
    journal = "ApJ",
    volume  = "834",
    number  = "1",
    pages   = "15 pp",
    adsurl   = {http://adsabs.harvard.edu/cgi-bin/nph-bib_query?bibcode=2017ApJ...834...50B}
}

@ARTICLE{Ciceri2013,
    author  = "{Ciceri}, S. and {Mancini}, L. and {Southworth}, J. et al.",
    title   = "{Simultaneous follow-up of planetary transits: revised physical properties for the planetary systems HAT-P-16 and WASP-21}",
    year    = "2013",
    journal = "A\&A",
    volume  = "557",
    number  = "A30",
    pages   = "pp. 8",
    adsurl   = {https://www.aanda.org/articles/aa/abs/2013/09/aa21669-13/aa21669-13.html}
}

@ARTICLE{Sing2016,
    author  = "{Sing}, D. and {Fortney}, J.J and {Nikolov}, N.,  et al.",
    title   = "{Simultaneous follow-up of planetary transits: revised physical properties for the planetary systems HAT-P-16 and WASP-21}",
    year    = "2016",
    journal = "Nature",
    volume  = "529",
    number  = "",
    pages   = "59-62",
    doi     = "doi:10.1038/nature16068",
    adsurl   = {https://www.nature.com/articles/nature16068}
}

@ARTICLE{Dragomir2015,
    author  = "{Dragomir}, D. and  {Benneke}, B. and {Pearson}, K., et al.",
    title   = "{RAYLEIGH SCATTERING IN THE ATMOSPHERE OF THE WARM EXO-NEPTUNE GJ 3470B}",
    year    = "2015",
    journal = "ApJ",
    volume  = "814",
    number  = "102",
    pages   = "9pp",
    adsurl   = {http://iopscience.iop.org/article/10.1088/0004-637X/814/2/102}
}

@ARTICLE{Luger2017,
    author  = "{Luger}, R. and {Foreman-Mackey}, D. and {Hogg}, D., et al.",
    title   = "{Linear Models for Systematics and Nuisances}",
    year    = "2017",
    journal = "Research Notes of the AAS",
    volume  = " 1",
    number  = "1",
    pages   = "",
    adsurl   = {http://iopscience.iop.org/article/10.3847/2515-5172/aa96b5/meta}
}

@ARTICLE{Line2013,
    author  = "{Line}, M. and {Knutson}, H. and {Deming}, D. et al.",
    title   = "{A} NEAR-INFRARED TRANSMISSION SPECTRUM FOR THEWARM SATURN {HAT-P-12b}",
    year    = "2013",
    journal = "ApJ",
    volume  = "778",
    number  = "183",
    pages   = "5 pp",
    adsurl   = {}
}

@ARTICLE{Seelinger2015,
    author  = "{Seeliger}, M. and {Kitze}, M. and {Errmann}, R. et al.",
    title   = "Ground-based transit observations of the {HAT-P-18}, {HAT-P-19}, {HAT-P-27/WASP40} and {WASP-21} systems",
    year    = "2015",
    journal = "MNRAS",
    volume  = "451",
    number  = "",
    pages   = "4060-4072",
    adsurl   = {}
}

@ARTICLE{Barros2011,
    author  = "{Barros}, S. C. C. and {Pollacco}, D. L. and {Gibson}, N. P. et al.",
    title   = "A lower mass for the exoplanet {WASP-21b}",
    year    = "2011",
    journal = "MNRAS",
    volume  = "416",
    number  = "",
    pages   = "2593-2599",
    adsurl   = {}
}

@ARTICLE{Claret2012,
    author  = "{Claret}, A. and {Hauschildt}, P.H and {Witte}, S., et al.",
    title   = "{New limb-darkening coefficients for PHOENIX/1D model atmospheres}",
    year    = "2012",
    journal = "A\&A",
    volume  = " 546",
    number  = "A14",
    pages   = "",
    adsurl   = {http://adsabs.harvard.edu/abs/2012A%26A...546A..14C}
}

@ARTICLE{SeagerMallen-Ornelas2003,
    author  = "{Seager}, S. and {Mallen-Ornelas}, G.",
    title   = "{A Unique Solution of Planet and Star Parameters from an Extrasolar Planet Transit Light Curve}",
    year    = "2003",
    journal = "ApJ",
    volume  = "585",
    number  = "2",
    pages   = "1038--1055",
    adsurl   = {http://adsabs.harvard.edu/cgi-bin/bib_query?arXiv:astro-ph/0206228}
}


@ARTICLE{Onitsuka2017,
    author  = "{Onitsuka}, M. and {Fukui}, A. and {Narita}, N. et al.",
    title   = "{Multi-Color Simultaneous Photometry of the T-Tauri Star Having A Planetary Candidate CVSO 30}",
    year    = "2017",
    journal = "PASJ",
    volume  = "69",
    number  = "2",
    pages   = "L2 (1--6)",
    adsurl   = {http://adsabs.harvard.edu/cgi-bin/bib_query?arXiv:1701.01588}
}

@ARTICLE{Sing2011,
    author  = "{Sing}, D. and {Pont}, F. and {Aigrain}, S. et al.",
    title   = "{Hubble Space Telescope transmission spectroscopy of the exoplanet HD 189733b: high-altitude atmospheric haze in the optical and near-ultraviolet with STIS}",
    year    = "2011",
    journal = "MNRAS",
    volume  = "416",
    number  = "",
    pages   = "1443--1455",
    adsurl   = {http://adsabs.harvard.edu/abs/2011MNRAS.416.1443S}
}
 
@misc{Kawashima2015,
  author    = "{Kawashima}, Y.",
  title     = "Transmission spectrum models of exoplanet atmospheres with haze: Toward understanding the atmospheric composition and origin",
  type         = "Master's Thesis", 
  school	   = "University of Tokyo",
  year         = "2015"
}